% Include entries that you actually cite. Do not copy here your whole bib-file.


@Article{Bailyn2004,
  author    = {John F. Bailyn},
  title     = {Generalized inversion},
  journal   = {Natural Language \& Linguistic Theory},
  year      = {2004},
  volume    = {22},
  number    = {1},
  pages     = {1-49},
  doi = {10.1023/B:NALA.0000005556.40898.a5}
}


@BOOK{Comrie1981,
  author = {Bernard Comrie},
  year = {1981},
  title = {Language Universals and Linguistic Typology},
  address = {Oxford},
  publisher = {Basil Blackwell}
}

@BOOK{Chomsky1957,
  author = {Noam Chomsky},
  year = {1957},
  title = {Syntactic structures},
  address = {The Hague},
  publisher = {Mouton}
}


@BOOK{Circov1900,
  author = {Ä†ircov, Boban},
  sortname={Circov},
  year = {1957},
  title = {Test book},
  address = {The Hague},
  publisher = {Mouton}
}
 
@misc{Nordhoff2018,
  author = {Sebastian Nordhoff},
  year = {2018},
  title = {BibTeX generator},
  url = {http://glottotopia.org/doc2tex/doc2bib},
  note = {Follow the link to generate BibTeX} 
}

@misc{VandenWyngaerd2017,
author = {Guido {Vanden Wyngaerd}},
year = {2017},
title = {Forest quickstart guide},
url = {https://ling.auf.net/lingbuzz/003391},
}